<record><leader>00000cas a2200000Ma 4500</leader><controlfield tag="001">436902225</controlfield><controlfield tag="006">m    |o  d        </controlfield><controlfield tag="007">cr auu---muba|</controlfield><controlfield tag="008">060512d17891789mauwr neo     0    0fre d</controlfield><datafield ind1=" " ind2=" " tag="010"><subfield code="a">sf 89091977 </subfield></datafield><datafield ind1=" " ind2=" " tag="040"><subfield code="a">VOD</subfield><subfield code="b">eng</subfield><subfield code="c">VOD</subfield><subfield code="d">OCLCF</subfield><subfield code="d">OCLCO</subfield><subfield code="d">OCLCQ</subfield><subfield code="d">OCL</subfield></datafield><datafield ind1=" " ind2=" " tag="043"><subfield code="a">n-us-ma</subfield></datafield><datafield ind1="1" ind2="4" tag="050"><subfield code="a">PN4861</subfield><subfield code="b">.A44</subfield></datafield><datafield ind1="0" ind2="0" tag="245"><subfield code="a">Courier de Boston.</subfield></datafield><datafield ind1=" " ind2=" " tag="260"><subfield code="a">Boston :</subfield><subfield code="b">Samuel Hall,</subfield><subfield code="c">1789.</subfield></datafield><datafield ind1=" " ind2=" " tag="300"><subfield code="a">26 no. (208 pages) ;</subfield><subfield code="c">25 cm.</subfield></datafield><datafield ind1=" " ind2=" " tag="310"><subfield code="a">Weekly</subfield></datafield><datafield ind1=" " ind2=" " tag="336"><subfield code="a">text</subfield><subfield code="b">txt</subfield><subfield code="2">rdacontent</subfield></datafield><datafield ind1=" " ind2=" " tag="337"><subfield code="a">computer</subfield><subfield code="b">c</subfield><subfield code="2">rdamedia</subfield></datafield><datafield ind1=" " ind2=" " tag="338"><subfield code="a">online resource</subfield><subfield code="b">cr</subfield><subfield code="2">rdacarrier</subfield></datafield><datafield ind1="0" ind2=" " tag="362"><subfield code="a">No. 1 (23 avril, 1789)-no. 26 (15 oct. 1789).</subfield></datafield><datafield ind1="1" ind2=" " tag="490"><subfield code="a">American periodical series</subfield></datafield><datafield ind1=" " ind2=" " tag="500"><subfield code="a">"Affiches, annonces, et avis."</subfield></datafield><datafield ind1=" " ind2=" " tag="500"><subfield code="a">Imprint varies: also issued in Salem, Mass., by Dabney &amp; Cushing; in New York by Thomas Greenleaf and John Fenno; in Philadelphia by Mathew Carey.</subfield></datafield><datafield ind1=" " ind2=" " tag="500"><subfield code="a">Joseph de Nancrede, editor.</subfield></datafield><datafield ind1=" " ind2=" " tag="500"><subfield code="a">Printed in the French language, its chief functions were to further understanding and friendship between the French and American people and to print a digest of domestic and foreign news. Cf. American periodicals, 1741-1900.</subfield></datafield><datafield ind1=" " ind2="0" tag="650"><subfield code="a">French</subfield><subfield code="z">United States</subfield><subfield code="v">Newspapers.</subfield></datafield><datafield ind1=" " ind2="0" tag="651"><subfield code="a">Boston (Mass.)</subfield><subfield code="v">Newspapers.</subfield></datafield><datafield ind1=" " ind2="0" tag="651"><subfield code="a">New York (N.Y.)</subfield><subfield code="v">Newspapers.</subfield></datafield><datafield ind1=" " ind2="0" tag="651"><subfield code="a">Philadelphia (Pa.)</subfield><subfield code="v">Newspapers.</subfield></datafield><datafield ind1=" " ind2="0" tag="651"><subfield code="a">Salem (Mass.)</subfield><subfield code="v">Newspapers.</subfield></datafield><datafield ind1=" " ind2="0" tag="650"><subfield code="a">American newspapers</subfield><subfield code="y">18th century.</subfield></datafield><datafield ind1=" " ind2="7" tag="650"><subfield code="a">American newspapers.</subfield><subfield code="2">fast</subfield><subfield code="0">(OCoLC)fst00807293</subfield></datafield><datafield ind1=" " ind2="7" tag="650"><subfield code="a">French.</subfield><subfield code="2">fast</subfield><subfield code="0">(OCoLC)fst00934209</subfield></datafield><datafield ind1=" " ind2="7" tag="651"><subfield code="a">Massachusetts</subfield><subfield code="z">Boston.</subfield><subfield code="2">fast</subfield><subfield code="0">(OCoLC)fst01205012</subfield></datafield><datafield ind1=" " ind2="7" tag="651"><subfield code="a">Massachusetts</subfield><subfield code="z">Salem.</subfield><subfield code="2">fast</subfield><subfield code="0">(OCoLC)fst01205839</subfield></datafield><datafield ind1=" " ind2="7" tag="651"><subfield code="a">New York (State)</subfield><subfield code="z">New York.</subfield><subfield code="2">fast</subfield><subfield code="0">(OCoLC)fst01204333</subfield></datafield><datafield ind1=" " ind2="7" tag="651"><subfield code="a">Pennsylvania</subfield><subfield code="z">Philadelphia.</subfield><subfield code="2">fast</subfield><subfield code="0">(OCoLC)fst01204170</subfield></datafield><datafield ind1=" " ind2="7" tag="651"><subfield code="a">United States.</subfield><subfield code="2">fast</subfield><subfield code="0">(OCoLC)fst01204155</subfield></datafield><datafield ind1=" " ind2="7" tag="648"><subfield code="a">1700-1799</subfield><subfield code="2">fast</subfield></datafield><datafield ind1=" " ind2="7" tag="655"><subfield code="a">Newspapers.</subfield><subfield code="2">fast</subfield><subfield code="0">(OCoLC)fst01423814</subfield></datafield><datafield ind1="1" ind2=" " tag="700"><subfield code="a">Hall, Samuel,</subfield><subfield code="d">1740-1807.</subfield></datafield><datafield ind1="1" ind2=" " tag="700"><subfield code="a">Nancrede, Joseph,</subfield><subfield code="d">1761-1841.</subfield></datafield><datafield ind1="1" ind2=" " tag="776"><subfield code="c">Original</subfield><subfield code="w">(DLC)sn 83020979</subfield><subfield code="w">(OCoLC)9707557</subfield></datafield><datafield ind1=" " ind2="0" tag="830"><subfield code="a">American periodical series, eighteenth century ;</subfield><subfield code="v">10.</subfield></datafield><datafield ind1="4" ind2="0" tag="856"><subfield code="3">Connect to this resource (Authorized users only). 1789 - 1789</subfield><subfield code="u">http://proquest.umi.com/pqdlink?Ver=1&amp;EXP=01-24-2010&amp;RQT=318&amp;PMID=40345&amp;VType=PQD&amp;VInst=PQMPRD&amp;VName=HNP&amp;COPT=SU5UPTAmVkVSPTImREJTPTE0NEQ@</subfield><subfield code="x">ProQuest</subfield></datafield></record>